@misc{AlgorandAlgorand,
    title = {{Algorand | The Blockchain for FutureFi | Algorand}},
    url = {https://www.algorand.com/}
}

@misc{ComposableFinance,
    title = {{Composable Finance}},
    url = {https://www.composable.finance/}
}

@misc{0xbrainjarComposableMedium,
    title = {{Composable Finance: The Face of DeFi’s Future | by Composable Finance | Oct, 2021 | Medium}},
    author = {{0xbrainjar}},
    url = {https://composablefi.medium.com/composable-finance-the-face-of-defis-future-c85bb239486f}
}

@misc{DecentralizedEthereum.org,
    title = {{Decentralized finance (DeFi) | ethereum.org}},
    url = {https://ethereum.org/en/defi/}
}

@misc{EthereumEthereum.org,
    title = {{Ethereum Virtual Machine (EVM) | ethereum.org}},
    url = {https://ethereum.org/en/developers/docs/evm/}
}

@misc{Inter-BlockchainCommunication,
    title = {{Inter-Blockchain Communication}},
    url = {https://ibcprotocol.org/}
}

@misc{IntroducingMedium,
    title = {{Introducing Composable Labs: An Incubator and Testing Ground for Projects using Composable’s Tech{\ldots} | by 0xbrainjar | Medium}},
    url = {https://0xbrainjar.medium.com/introducing-composable-labs-an-incubator-and-testing-ground-for-projects-using-composables-tech-b467d438142c}
}

@misc{IntroducingMediumb,
    title = {{Introducing Mosaic: Tackling Cross-Layer 2 Liquidity Provisioning through Delivering a New Means of Value Generation | by 0xbrainjar | Medium}},
    url = {https://0xbrainjar.medium.com/introducing-mosaic-tackling-cross-layer-2-liquidity-provisioning-through-delivering-a-new-means-of-1c1edb8691df}
}

@misc{IntroductionSushi,
    title = {{Introduction - Sushi}},
    url = {https://docs.sushi.com/}
}

@misc{LayerEthereum.org,
    title = {{Layer 2 Rollups | ethereum.org}},
    url = {https://ethereum.org/en/developers/docs/scaling/layer-2-rollups/}
}

@misc{MosaicFinance,
    title = {{Mosaic | Composable Finance}},
    url = {https://mosaic.composable.finance/}
}

@misc{NEARWorld,
    title = {{NEAR Protocol | Reimagine Your World}},
    url = {https://near.org/}
}

@misc{0xbrainjarOurMedium,
    title = {{Our Vision for Composable Finance | by 0xbrainjar | Oct, 2021 | Medium}},
    author = {{0xbrainjar}},
    url = {https://0xbrainjar.medium.com/our-vision-for-composable-finance-ab6518d7e617}
}

@misc{Polkadot:Platform,
    title = {{Polkadot: Decentralized Web 3.0 Blockchain Interoperability Platform}},
    url = {https://polkadot.network/}
}

@misc{ScalableScale,
    title = {{Scalable Blockchain Infrastructure: Billions of transactions {\&} counting | Solana: Build crypto apps that scale}},
    url = {https://solana.com/}
}

@misc{TestingMedium,
    title = {{Testing Mosaic through our Arbitrum-Polygon Transferal System Proof of Concept | by Composable Finance | Sep, 2021 | Medium}},
    url = {https://composablefi.medium.com/testing-mosaic-through-our-arbitrum-polygon-transferal-system-proof-of-concept-4e459e24e427}
}

@misc{TheEthereum.org,
    title = {{The Eth2 upgrades | ethereum.org}},
    url = {https://ethereum.org/en/eth2/}
}

@misc{WhatAlexandria,
    title = {{What Are Parachains? | Alexandria}},
    url = {https://coinmarketcap.com/alexandria/article/what-are-parachains-2}
}

@misc{WhatRazor,
    title = {{What is Occam's Razor?}},
    url = {https://math.ucr.edu/home/baez/physics/General/occam.html}
}

@misc{WhatCoinDesk,
    title = {{What Is Sharding? - CoinDesk}},
    url = {https://www.coindesk.com/learn/2020/12/02/what-is-sharding/}
}

@misc{WhyProperties,
    title = {{Why sharding is great: demystifying the technical properties}},
    url = {https://vitalik.ca/general/2021/04/07/sharding.html}
}