@misc{AlgorandAlgorand,
	title = {{Algorand | The Blockchain for FutureFi | Algorand}},
	howpublished = "\url{https://www.algorand.com/}"
}

@misc{PortWikipedia,
    title = {{Port Control Protocol - Wikipedia}},
    howpublished = "\url{https://en.wikipedia.org/wiki/Port_Control_Protocol}"
}

@misc{ComposableFinance,
	title = {{Composable Finance}},
	howpublished = "\url{https://www.composable.finance/}"
}

@misc{Apollo:Finance,
    title = {{Apollo: The Oracle Pallet - Composable Finance}},
    howpublished = "\url{https://docs.composable.finance/the-polkadot-solution-1/apollo}"
}

@misc{MinerEthereum.org,
    title = {{Miner extractable value (MEV) | ethereum.org}},
    url = {https://ethereum.org/en/developers/docs/mev/}
}

@misc{0xbrainjarComposableMedium,
	title = {{Composable Finance: The Face of DeFi’s Future | by Composable Finance | Oct, 2021 | Medium}},
	author = {{0xbrainjar}},
	howpublished = "\url{https://composablefi.medium.com/composable-finance-the-face-of-defis-future-c85bb239486f}"
}

@misc{DecentralizedEthereum.org,
	title = {{Decentralized finance (DeFi) | ethereum.org}},
	howpublished = "\url{https://ethereum.org/en/defi/}"
}

@misc{EthereumEthereum.org,
	title = {{Ethereum Virtual Machine (EVM) | ethereum.org}},
	howpublished = "\url{https://ethereum.org/en/developers/docs/evm/}"
}

@misc{GraphQLAPI,
	title = {{GraphQL | A query language for your API}},
	howpublished = "\url{https://graphql.org/}"
}

@misc{Inter-BlockchainCommunication,
	title = {{Inter-Blockchain Communication}},
	howpublished = "\url{https://ibcprotocol.org/}"
}

@misc{IntroducingMedium,
	title = {{Introducing Composable Labs: An Incubator and Testing Ground for Projects using Composable’s Tech{\ldots} | by 0xbrainjar | Medium}},
	howpublished = "\url{https://0xbrainjar.medium.com/introducing-composable-labs-an-incubator-and-testing-ground-for-projects-using-composables-tech-b467d438142c}"
}

@misc{IntroducingMediumb,
	title = {{Introducing Mosaic: Tackling Cross-Layer 2 Liquidity Provisioning through Delivering a New Means of Value Generation | by 0xbrainjar | Medium}},
	howpublished = "\url{https://0xbrainjar.medium.com/introducing-mosaic-tackling-cross-layer-2-liquidity-provisioning-through-delivering-a-new-means-of-1c1edb8691df}"
}

@misc{IntroductionSushi,
	title = {{Introduction - Sushi}},
	howpublished = "\url{https://docs.sushi.com/}"
}

@misc{LayerEthereum.org,
	title = {{Layer 2 Rollups | ethereum.org}},
	howpublished = "\url{https://ethereum.org/en/developers/docs/scaling/layer-2-rollups/}"
}

@misc{MosaicFinance,
	title = {{Mosaic | Composable Finance}},
	howpublished = "\url{https://mosaic.composable.finance/}"
}

@misc{NEARWorld,
	title = {{NEAR Protocol | Reimagine Your World}},
	howpublished = "\url{https://near.org/}"
}

@misc{0xbrainjarOurMedium,
	title = {{Our Vision for Composable Finance | by 0xbrainjar | Oct, 2021 | Medium}},
	author = {{0xbrainjar}},
	howpublished = "\url{https://0xbrainjar.medium.com/our-vision-for-composable-finance-ab6518d7e617}"
}

@misc{Polkadot:Platform,
	title = {{Polkadot: Decentralized Web 3.0 Blockchain Interoperability Platform}},
	howpublished = "\url{https://polkadot.network/}"
}

@misc{ScalableScale,
	title = {{Scalable Blockchain Infrastructure: Billions of transactions {\&} counting | Solana: Build crypto apps that scale}},
	howpublished = "\url{https://solana.com/}"
}

@misc{TestingMedium,
	title = {{Testing Mosaic through our Arbitrum-Polygon Transferal System Proof of Concept | by Composable Finance | Sep, 2021 | Medium}},
	howpublished = "\url{https://composablefi.medium.com/testing-mosaic-through-our-arbitrum-polygon-transferal-system-proof-of-concept-4e459e24e427}"
}

@misc{TheEthereum.org,
	title = {{The Eth2 upgrades | ethereum.org}},
	howpublished = "\url{https://ethereum.org/en/eth2/}"
}

@misc{WhatAlexandria,
	title = {{What Are Parachains? | Alexandria}},
	howpublished = "\url{https://coinmarketcap.com/alexandria/article/what-are-parachains-2}"
}

@misc{WhatRazor,
	title = {{What is Occam's Razor?}},
	howpublished = "\url{https://math.ucr.edu/home/baez/physics/General/occam.html}"
}

@misc{WhatCoinDesk,
	title = {{What Is Sharding? - CoinDesk}},
	howpublished = "\url{https://www.coindesk.com/learn/2020/12/02/what-is-sharding/}"
}

@misc{ArtificialBritannica,
    title = {{artificial intelligence | Definition, Examples, Types, Applications, Companies, {\&} Facts | Britannica}},
    howpublished = "\url{https://www.britannica.com/technology/artificial-intelligence}"
}

@misc{TimeScience,
    title = {{Time Series Models. AR, MA, ARMA, ARIMA | by Charanraj Shetty | Towards Data Science}},
    howpublished = "\url{https://towardsdatascience.com/time-series-models-d9266f8ac7b0}"
}

@misc{UnderstandingBlog,
    title = {{Understanding LSTM Networks -- colah's blog}},
    howpublished = "\url{https://colah.github.io/posts/2015-08-Understanding-LSTMs/}"
}


@misc{7.3Ed,
    title = {{7.3 Holt-Winters’ seasonal method | Forecasting: Principles and Practice (2nd ed)}},
    howpublished = "\url{https://otexts.com/fpp2/holt-winters.html}"
}

@misc{7.2Ed,
    title = {{7.2 Trend methods | Forecasting: Principles and Practice (2nd ed)}},
    howpublished = "\url{https://otexts.com/fpp2/holt.html}"
}

@misc{AnScience,
    title = {{An Introduction to Time Series Analysis with ARIMA | by Taha Binhuraib | Towards Data Science}},
    howpublished = "\url{https://towardsdatascience.com/an-introduction-to-time-series-analysis-with-arima-a8b9c9a961fb}"
}

@misc{Cosmos:Blockchains,
    title = {{Cosmos: The Internet of Blockchains}},
    howpublished = "\url{https://cosmos.network/}"
}

@misc{WhyProperties,
	title = {{Why sharding is great: demystifying the technical properties}},
	howpublished = "\url{https://vitalik.ca/general/2021/04/07/sharding.html}"
}

@misc{Gavish1978TheProblems,
    title={The travelling salesman problem and related problems},
    author={Gavish, Bezalel and Graves, Stephen C},
    year={1978},
    publisher={Massachusetts Institute of Technology, Operations Research Center}
}
@inproceedings{Orlin1988AAlgorithm,
	title={A faster strongly polynomial minimum cost flow algorithm},
	author={Orlin, James},
	booktitle={Proceedings of the Twentieth annual ACM symposium on Theory of Computing},
	pages={377--387},
	year={1988}
}
@article{Feigenbaum2005ARouting,
	title={A BGP-based mechanism for lowest-cost routing},
	author={Feigenbaum, Joan and Papadimitriou, Christos and Sami, Rahul and Shenker, Scott},
	journal={Distributed Computing},
	volume={18},
	number={1},
	pages={61--72},
	year={2005},
	publisher={Springer}
}
@misc{ProtonchainBlockchain,
	title = {{Protonchain | The Payment Blockchain}},
	howpublished = "\url{https://www.protonchain.com/proton-white-paper-en.pdf}"
}
@misc{LightningNetwork,
	title = {{Lightning Network | An Argument For Single-Asset Lightning Network}},
	howpublished = "\url{https://lists.linuxfoundation.org/pipermail/lightning-dev/2018-December/001752.html}"
}
@article{Diffie1976NewCryptography,
	author    = {Whitfield Diffie and
	Martin E. Hellman},
	title     = {New directions in cryptography},
	journal   = {{IEEE} Trans. Inf. Theory},
	volume    = {22},
	number    = {6},
	pages     = {644--654},
	year      = {1976},
	howpublished = "\url{https://doi.org/10.1109/TIT.1976.1055638}",
	doi       = {10.1109/TIT.1976.1055638},
	timestamp = {Tue, 10 Mar 2020 10:46:44 +0100},
	biburl    = {https://dblp.org/rec/journals/tit/DiffieH76.bib},
	bibsource = {dblp computer science bibliography, https://dblp.org}
}
@misc{DSSStandard,
	title = {{DSS NIST | Digital Signature Standard}},
	howpublished = "\url{https://nvlpubs.nist.gov/nistpubs/FIPS/NIST.FIPS.186-4.pdf}"
}
@article{Gennaro2019FastSetup,
	author    = {Rosario Gennaro and
	Steven Goldfeder},
	title     = {Fast Multiparty Threshold {ECDSA} with Fast Trustless Setup},
	journal   = {{IACR} Cryptol. ePrint Arch.},
	pages     = {114},
	year      = {2019},
	howpublished = "\url{https://eprint.iacr.org/2019/114}",
	timestamp = {Mon, 11 May 2020 15:54:14 +0200},
	biburl    = {https://dblp.org/rec/journals/iacr/GennaroG19.bib},
	bibsource = {dblp computer science bibliography, https://dblp.org}
}
@article{Canetti2021UCAbortsb,
author    = {Ran Canetti and
Rosario Gennaro and
Steven Goldfeder and
Nikolaos Makriyannis and
Udi Peled},
title     = {{UC} Non-Interactive, Proactive, Threshold {ECDSA} with Identifiable
Aborts},
journal   = {{IACR} Cryptol. ePrint Arch.},
pages     = {60},
year      = {2021},
howpublished = "\url{https://eprint.iacr.org/2021/060}",
timestamp = {Tue, 02 Feb 2021 17:40:34 +0100},
biburl    = {https://dblp.org/rec/journals/iacr/CanettiGGMP21.bib},
bibsource = {dblp computer science bibliography, https://dblp.org}
}
@misc{HopRollups,
title = {{Hop Protocol | Send Tokens Across Rollups}},
howpublished = "\url{https://hop.exchange/whitepaper.pdf}"
}
@misc{MOVRMOVR,
title = {{MOVR Protocol | Data MOVR}},
howpublished = "\url{https://movrnetwork.notion.site/movrnetwork/Movr-Network-Compendium-64c66fd3ed774217ad5fac6ec92866a9}"
}
@inproceedings{Moore2014PracticalSurvey,
title={Practical homomorphic encryption: A survey},
author={Moore, Ciara and O'Neill, M{\'a}ire and O'Sullivan, Elizabeth and Dor{\"o}z, Yark{\i}n and Sunar, Berk},
booktitle={2014 IEEE International Symposium on Circuits and Systems (ISCAS)},
pages={2792--2795},
year={2014},
organization={IEEE}
}
@article{Becker2008MerkleCryptanalysis,
title={Merkle signature schemes, merkle trees and their cryptanalysis},
author={Becker, Georg},
journal={Ruhr-University Bochum, Tech. Rep},
year={2008},
publisher={Citeseer}
}
@misc{WhyPropertiesb,
title = {{Cross-Rollup NFTs}},
howpublished = "\url{https://ethresear.ch/t/cross-rollup-nft-wrapper-and-migration-ideas/10507}"
}
@article{Brewer2012Cap,
	title={{CAP} twelve years Later: How the "rules" have changed},
	author={Brewer, Eric},
	journal={Computer},
	volume={45},
	number={2},
	pages={23--29},
	year={2012},
	publisher={IEEE}
}
@misc{GnosisWhitepaper,
title = {Gnosis Protocol},
howpublished = "\url{https://blockchainlab.com/pdf/gnosis_whitepaper.pdf}"
}
@misc{TheMedium,
    title = {{The Pallet revolution, powered by Picasso. | by Composable Finance | Nov, 2021 | Medium}},
    url = {https://composablefi.medium.com/the-pallet-revolution-powered-by-picasso-481377738836}
}

@misc{HomeSubstrate_,
    title = {{Home | Substrate{\_}}},
    url = {https://substrate.io/}
}