@article{greenwade93,
    author  = "George D. Greenwade",
    title   = "The {C}omprehensive {T}ex {A}rchive {N}etwork ({CTAN})",
    year    = "1993",
    journal = "TUGBoat",
    volume  = "14",
    number  = "3",
    pages   = "342--351"
}
@inproceedings{gennaro2018fast,
  title={Fast multiparty threshold ECDSA with fast trustless setup},
  author={Gennaro, Rosario and Goldfeder, Steven},
  booktitle={Proceedings of the 2018 ACM SIGSAC Conference on Computer and Communications Security},
  pages={1179--1194},
  year={2018}
}
@article{gennaro2020one,
  title={One Round Threshold ECDSA with Identifiable Abort.},
  author={Gennaro, Rosario and Goldfeder, Steven},
  journal={IACR Cryptol. ePrint Arch.},
  volume={2020},
  pages={540},
  year={2020}
}